@book{galatos2007residuated,
  AUTHOR = {Galatos, Nikolaos and Jipsen, Peter and Kowalski, Tomasz and
              Ono, Hiroakira},
     TITLE = {Residuated lattices: an algebraic glimpse at substructural
              logics},
    SERIES = {Studies in Logic and the Foundations of Mathematics},
    VOLUME = {151},
 PUBLISHER = {Elsevier B. V., Amsterdam},
      YEAR = {2007},
     PAGES = {xxii+509},
      ISBN = {978-0-444-52141-5},
   MRCLASS = {03B47 (03-02 06-02 06B05)},
  MRNUMBER = {2531579},
MRREVIEWER = {Katalin Bimb\'{o}},
}

@book{grillet2017semigroups,
  AUTHOR = {Grillet, P.-A.},
     TITLE = {Semigroups},
    SERIES = {Monographs and Textbooks in Pure and Applied Mathematics},
    VOLUME = {193},
      NOTE = {An introduction to the structure theory},
 PUBLISHER = {Marcel Dekker, Inc., New York},
      YEAR = {1995},
     PAGES = {xii+398},
      ISBN = {0-8247-9662-4},
   MRCLASS = {20M10 (20M14 20M17 20M18 20M35)},
  MRNUMBER = {1350793},
MRREVIEWER = {M\'{a}ria B. Szendrei},
}

@article{pavel2002monoid,
  AUTHOR = {Pavel, Liliana and Sund, Terje},
     TITLE = {Monoid extensions admitting cocycles},
   JOURNAL = {Semigroup Forum},
  FJOURNAL = {Semigroup Forum},
    VOLUME = {65},
      YEAR = {2002},
    NUMBER = {1},
     PAGES = {1--32},
      ISSN = {0037-1912},
   MRCLASS = {20M50},
  MRNUMBER = {1903551},
MRREVIEWER = {T. S. Blyth},
       DOI = {10.1007/s002330010041},
       URL = {https://doi.org/10.1007/s002330010041},
}

@article{fussner2022transfer,
  title={Transfer theorems for finitely subdirectly irreducible algebras},
  author={Fussner, Wesley and Metcalfe, George},
  journal={arXiv preprint arXiv:2205.05148},
  year={2022}
}

@article{galatos2020structure,
  AUTHOR = {Galatos, Nikolaos and Jipsen, Peter},
     TITLE = {The structure of generalized {BI}-algebras and weakening
              relation algebras},
   JOURNAL = {Algebra Universalis},
  FJOURNAL = {Algebra Universalis},
    VOLUME = {81},
      YEAR = {2020},
    NUMBER = {3},
     PAGES = {Paper No. 35, 35},
      ISSN = {0002-5240},
   MRCLASS = {06F05 (03B47 03G10 08B15)},
  MRNUMBER = {4116171},
MRREVIEWER = {J\={a}nis C\={\i}rulis},
       DOI = {10.1007/s00012-020-00663-9},
       URL = {https://doi.org/10.1007/s00012-020-00663-9},
}

@article{fussner2022conic,
  title={Conic Idempotent Residuated Lattices},
  author={Fussner, Wesley and Galatos, Nick},
  journal={arXiv preprint arXiv:2208.09724},
  year={2022}
}

@article{vaughan1970uncountably,
  AUTHOR = {Vaughan-Lee, M. R.},
     TITLE = {Uncountably many varieties of groups},
   JOURNAL = {Bull. London Math. Soc.},
  FJOURNAL = {The Bulletin of the London Mathematical Society},
    VOLUME = {2},
      YEAR = {1970},
     PAGES = {280--286},
      ISSN = {0024-6093},
   MRCLASS = {20.08},
  MRNUMBER = {276307},
MRREVIEWER = {D. E. Cohen},
       DOI = {10.1112/blms/2.3.280},
       URL = {https://doi.org/10.1112/blms/2.3.280},
}

@misc{galatos2017residuated,
  title={Residuated Lattices of Size up to 6},
  author={Galatos, Nick and Jipsen, Peter},
  year={2017}
}

@article{schein1966homomorphisms,
  AUTHOR = {Schein, B. M.},
     TITLE = {Homomorphisms and subdirect decompositions of semi-groups},
   JOURNAL = {Pacific J. Math.},
  FJOURNAL = {Pacific Journal of Mathematics},
    VOLUME = {17},
      YEAR = {1966},
     PAGES = {529--547},
      ISSN = {0030-8730},
   MRCLASS = {20.92},
  MRNUMBER = {197603},
MRREVIEWER = {D. B. McAlister},
       URL = {http://projecteuclid.org/euclid.pjm/1102994517},
}

@article{evans1969some,
  AUTHOR = {Evans, Trevor},
     TITLE = {Some connections between residual finiteness, finite
              embeddability and the word problem},
   JOURNAL = {J. London Math. Soc. (2)},
  FJOURNAL = {Journal of the London Mathematical Society. Second Series},
    VOLUME = {1},
      YEAR = {1969},
     PAGES = {399--403},
      ISSN = {0024-6107},
   MRCLASS = {08.30},
  MRNUMBER = {249344},
MRREVIEWER = {F. B. Cannonito},
       DOI = {10.1112/jlms/s2-1.1.399},
       URL = {https://doi.org/10.1112/jlms/s2-1.1.399},
}

@article{galatos2004equational,
  AUTHOR = {Galatos, Nikolaos},
     TITLE = {Equational bases for joins of residuated-lattice varieties},
   JOURNAL = {Studia Logica},
  FJOURNAL = {Studia Logica. An International Journal for Symbolic Logic},
    VOLUME = {76},
      YEAR = {2004},
    NUMBER = {2},
     PAGES = {227--240},
      ISSN = {0039-3215},
   MRCLASS = {06F05 (03B47 03G25 06B20)},
  MRNUMBER = {2072984},
MRREVIEWER = {Manuel Abad},
       DOI = {10.1023/B:STUD.0000032086.42963.7c},
       URL = {https://doi.org/10.1023/B:STUD.0000032086.42963.7c},
}

@article {ciabattoni2017algebraic,
    AUTHOR = {Ciabattoni, Agata and Galatos, Nikolaos and Terui, Kazushige},
     TITLE = {Algebraic proof theory: hypersequents and hypercompletions},
   JOURNAL = {Ann. Pure Appl. Logic},
  FJOURNAL = {Annals of Pure and Applied Logic},
    VOLUME = {168},
      YEAR = {2017},
    NUMBER = {3},
     PAGES = {693--737},
      ISSN = {0168-0072},
   MRCLASS = {03B47 (03F03 03F05 03G10)},
  MRNUMBER = {3583615},
MRREVIEWER = {Christian Retore},
       DOI = {10.1016/j.apal.2016.10.012},
       URL = {https://doi.org/10.1016/j.apal.2016.10.012},
}

@article {carlisle1971residual,
    AUTHOR = {Carlisle, W. Homer},
     TITLE = {Residual finiteness of finitely generated commutative
              semigroups},
   JOURNAL = {Pacific J. Math.},
  FJOURNAL = {Pacific Journal of Mathematics},
    VOLUME = {36},
      YEAR = {1971},
     PAGES = {99--101},
      ISSN = {0030-8730},
   MRCLASS = {20.92},
  MRNUMBER = {279212},
MRREVIEWER = {F. C. Biesele},
       URL = {http://projecteuclid.org/euclid.pjm/1102971270},
}

@article {galatos2013residuated,
    AUTHOR = {Galatos, Nikolaos and Jipsen, Peter},
     TITLE = {Residuated frames with applications to decidability},
   JOURNAL = {Trans. Amer. Math. Soc.},
  FJOURNAL = {Transactions of the American Mathematical Society},
    VOLUME = {365},
      YEAR = {2013},
    NUMBER = {3},
     PAGES = {1219--1249},
      ISSN = {0002-9947},
   MRCLASS = {06D22 (03B47 03F05 06A15 08B15)},
  MRNUMBER = {3003263},
MRREVIEWER = {Marcelo Finger},
       DOI = {10.1090/S0002-9947-2012-05573-5},
       URL = {https://doi.org/10.1090/S0002-9947-2012-05573-5},
}

@article {cardona2017fep,
    AUTHOR = {Cardona, Riquelmi and Galatos, Nikolaos},
     TITLE = {The {FEP} for some varieties of fully distributive knotted
              residuated lattices},
   JOURNAL = {Algebra Universalis},
  FJOURNAL = {Algebra Universalis},
    VOLUME = {78},
      YEAR = {2017},
    NUMBER = {3},
     PAGES = {363--376},
      ISSN = {0002-5240},
   MRCLASS = {06F05 (03B47 03G10 08B15)},
  MRNUMBER = {3719495},
MRREVIEWER = {Xiangnan Zhou},
       DOI = {10.1007/s00012-017-0466-8},
       URL = {https://doi.org/10.1007/s00012-017-0466-8},
}

@book {galatos2003varieties,
    AUTHOR = {Galatos, Nikolaos},
     TITLE = {Varieties of residuated lattices},
      NOTE = {Thesis (Ph.D.)--Vanderbilt University},
 PUBLISHER = {ProQuest LLC, Ann Arbor, MI},
      YEAR = {2003},
     PAGES = {111},
      ISBN = {978-0496-34639-4},
   MRCLASS = {Thesis},
  MRNUMBER = {2704503},
       URL =
              {http://gateway.proquest.com/openurl?url_ver=Z39.88-2004&rft_val_fmt=info:ofi/fmt:kev:mtx:dissertation&res_dat=xri:pqdiss&rft_dat=xri:pqdiss:3086849},
}

@article {blount2003structure,
    AUTHOR = {Blount, Kevin and Tsinakis, Constantine},
     TITLE = {The structure of residuated lattices},
   JOURNAL = {Internat. J. Algebra Comput.},
  FJOURNAL = {International Journal of Algebra and Computation},
    VOLUME = {13},
      YEAR = {2003},
    NUMBER = {4},
     PAGES = {437--461},
      ISSN = {0218-1967},
   MRCLASS = {06B05 (03G25 06B10 06B20)},
  MRNUMBER = {2022118},
MRREVIEWER = {Spencer Hurd},
       DOI = {10.1142/S0218196703001511},
       URL = {https://doi.org/10.1142/S0218196703001511},
}